
    <zs:record>
      <zs:recordSchema/>
      <zs:recordPacking>xml</zs:recordPacking>
      <zs:recordData>
        <record xmlns="http://www.loc.gov/MARC21/slim">
          <leader>01090cam a22002537a 4500</leader>
          <controlfield tag="001">21704</controlfield>
          <controlfield tag="005">20011105091411.0</controlfield>
          <controlfield tag="008">880823s1984    mk abf   b    000 0 ara  </controlfield>
          <datafield tag="035" ind1=" " ind2=" ">
            <subfield code="9">(DLC)   87964903</subfield>
          </datafield>
          <datafield tag="906" ind1=" " ind2=" ">
            <subfield code="a">7</subfield>
            <subfield code="b">cbc</subfield>
            <subfield code="c">orignew</subfield>
            <subfield code="d">4</subfield>
            <subfield code="e">ncip</subfield>
            <subfield code="f">19</subfield>
            <subfield code="g">y-gencatlg</subfield>
          </datafield>
          <datafield tag="955" ind1=" " ind2=" ">
            <subfield code="a">bx85 to arreg 08-23-88</subfield>
            <subfield code="h">yh20 2001-10-05 to AMED</subfield>
          </datafield>
          <datafield tag="010" ind1=" " ind2=" ">
            <subfield code="a">   87964903 </subfield>
          </datafield>
          <datafield tag="040" ind1=" " ind2=" ">
            <subfield code="a">DLC</subfield>
            <subfield code="c">DLC</subfield>
            <subfield code="d">DLC</subfield>
          </datafield>
          <datafield tag="050" ind1="0" ind2="0">
            <subfield code="a">MLCMN 2001/01599 (D)</subfield>
          </datafield>
          <datafield tag="100" ind1="1" ind2=" ">
            <subfield code="a">De Cardi, Beatrice.</subfield>
          </datafield>
          <datafield tag="245" ind1="1" ind2="0">
            <subfield code="a">Aʻmāl al-tanqīb fī minṭaqatay Ṭawī Silaym wa-Ṭawī Saʻīd fī al-minṭaqah al-sharqīyah ʻām 1978 /</subfield>
            <subfield code="c">iʻdād Bī. Dī Kārdī, Ār. Dī Bīl, In. Zhay. Stārlinj.</subfield>
          </datafield>
          <datafield tag="260" ind1=" " ind2=" ">
            <subfield code="a">[Muscat] :</subfield>
            <subfield code="b">Salṭanat ʻUmān, Wizārat al-Turāth al-Qawmī wa-al-Thaqāfah,</subfield>
            <subfield code="c">1984.</subfield>
          </datafield>
          <datafield tag="300" ind1=" " ind2=" ">
            <subfield code="a">80 p., [20] p. of plates :</subfield>
            <subfield code="b">ill., maps ;</subfield>
            <subfield code="c">24 cm.</subfield>
          </datafield>
          <datafield tag="504" ind1=" " ind2=" ">
            <subfield code="a">Includes bibliographical references (p. 76-80).</subfield>
          </datafield>
          <datafield tag="650" ind1=" " ind2="0">
            <subfield code="a">Excavations (Archaeology)</subfield>
            <subfield code="z">Oman.</subfield>
          </datafield>
          <datafield tag="651" ind1=" " ind2="0">
            <subfield code="a">Oman</subfield>
            <subfield code="x">Antiquities.</subfield>
          </datafield>
          <datafield tag="653" ind1=" " ind2=" ">
            <subfield code="a">Ṭawī Silaym;</subfield>
            <subfield code="a">Ṭawī Saʻīd;</subfield>
            <subfield code="a">Omani archeological sites</subfield>
          </datafield>
          <datafield tag="700" ind1="1" ind2=" ">
            <subfield code="a">Starling, N. J.</subfield>
            <subfield code="q">(Nicholas J.)</subfield>
          </datafield>
          <datafield tag="922" ind1=" " ind2=" ">
            <subfield code="a">ax</subfield>
          </datafield>
        </record>
      </zs:recordData>
      <zs:recordPosition>3</zs:recordPosition>
    </zs:record>