
    <zs:record>
      <zs:recordSchema/>
      <zs:recordPacking>xml</zs:recordPacking>
      <zs:recordData>
        <record xmlns="http://www.loc.gov/MARC21/slim">
          <leader>01182nam a2200289 a 4500</leader>
          <controlfield tag="001">4799865</controlfield>
          <controlfield tag="005">19890811080230.1</controlfield>
          <controlfield tag="008">880808s1984    mk af        f000 0 arar </controlfield>
          <datafield tag="035" ind1=" " ind2=" ">
            <subfield code="9">(DLC)   87964892</subfield>
          </datafield>
          <datafield tag="906" ind1=" " ind2=" ">
            <subfield code="a">7</subfield>
            <subfield code="b">cbc</subfield>
            <subfield code="c">orignew</subfield>
            <subfield code="d">2</subfield>
            <subfield code="e">ncip</subfield>
            <subfield code="f">19</subfield>
            <subfield code="g">y-gencatlg</subfield>
          </datafield>
          <datafield tag="955" ind1=" " ind2=" ">
            <subfield code="a">bx85 to bt00 08-08-88; fd05 10-21-88</subfield>
          </datafield>
          <datafield tag="010" ind1=" " ind2=" ">
            <subfield code="a">   87964892 </subfield>
          </datafield>
          <datafield tag="040" ind1=" " ind2=" ">
            <subfield code="a">DLC</subfield>
            <subfield code="c">DLC</subfield>
            <subfield code="d">DLC</subfield>
          </datafield>
          <datafield tag="041" ind1="0" ind2=" ">
            <subfield code="a">araeng</subfield>
          </datafield>
          <datafield tag="043" ind1=" " ind2=" ">
            <subfield code="a">a-mk---</subfield>
          </datafield>
          <datafield tag="050" ind1="0" ind2="0">
            <subfield code="a">DS247.O43</subfield>
            <subfield code="b">D4 1987</subfield>
          </datafield>
          <datafield tag="100" ind1="1" ind2=" ">
            <subfield code="a">De Cardi, Beatrice.</subfield>
          </datafield>
          <datafield tag="245" ind1="1" ind2="0">
            <subfield code="a">Muḥaṣṣilāt al-ʻayyināt al-atharīyah allatī ʻuthira ʻalayhā ʻalá saṭḥ al-arḍ :</subfield>
            <subfield code="b">(ʻayyināt saṭḥ al-arḍ fī ʻUmān) fī ʻam 1976 /</subfield>
            <subfield code="c">bi-qalam B. Dī Kārdī.</subfield>
          </datafield>
          <datafield tag="260" ind1=" " ind2=" ">
            <subfield code="a">[Muscat] :</subfield>
            <subfield code="b">Salṭanat ʻUmān, Wizārat al-Turāth al-Qawmī wa-al-Thaqāfah,</subfield>
            <subfield code="c">[1894 i.e. 1984]</subfield>
          </datafield>
          <datafield tag="300" ind1=" " ind2=" ">
            <subfield code="a">56 p., [12] p. of plates :</subfield>
            <subfield code="b">ill. ;</subfield>
            <subfield code="c">20 cm.</subfield>
          </datafield>
          <datafield tag="490" ind1="1" ind2=" ">
            <subfield code="a">Turāthunā ;</subfield>
            <subfield code="v">al-ʻadad 52</subfield>
          </datafield>
          <datafield tag="490" ind1="1" ind2=" ">
            <subfield code="a">"Fabrāyir 1894 [sic]."</subfield>
          </datafield>
          <datafield tag="650" ind1=" " ind2="0">
            <subfield code="a">Pottery</subfield>
            <subfield code="z">Oman.</subfield>
          </datafield>
          <datafield tag="651" ind1=" " ind2="0">
            <subfield code="a">Oman</subfield>
            <subfield code="x">Antiquities.</subfield>
          </datafield>
          <datafield tag="830" ind1=" " ind2="0">
            <subfield code="a">Turāthunā (Oman. Wizārat al-Turāth al-Qawmī wa-al-Thaqāfah ) ;</subfield>
            <subfield code="v">al-ʻadad 52.</subfield>
          </datafield>
          <datafield tag="922" ind1=" " ind2=" ">
            <subfield code="a">ax</subfield>
          </datafield>
          <datafield tag="991" ind1=" " ind2=" ">
            <subfield code="b">c-AMED</subfield>
            <subfield code="h">DS247.O43</subfield>
            <subfield code="i">D4 1987</subfield>
            <subfield code="t">Copy 1</subfield>
            <subfield code="m">Arab</subfield>
            <subfield code="w">BOOKS</subfield>
          </datafield>
        </record>
      </zs:recordData>
      <zs:recordPosition>7</zs:recordPosition>
    </zs:record>
  </zs:records>
  <zs:echoedSearchRetrieveRequest>
    <zs:version>1.1</zs:version>
    <zs:query>dc.creator="De Cardi, B." or dc.creator="De Cardi, Beatrice"</zs:query>
    <zs:maximumRecords>100</zs:maximumRecords>
    <zs:recordPacking>xml</zs:recordPacking>
  </zs:echoedSearchRetrieveRequest>
</zs:searchRetrieveResponse>
